<?xml version="1.0" encoding="UTF-8"?><collection xmlns="http://www.loc.gov/MARC21/slim"><record><leader>00356nam--2200121-i-4500</leader><controlfield tag="001">000026005</controlfield><controlfield tag="002">20161230</controlfield><controlfield tag="005">20161230201036</controlfield><controlfield tag="008">060222s1000------------r-----000-0-eng-d</controlfield><datafield ind1=" " ind2=" " tag="100"><subfield code="a">Kammerloher, J</subfield></datafield><datafield ind1=" " ind2=" " tag="245"><subfield code="a">Elektrotechnik des rundfunktechnikers. 2-te auflage. teil ii: wechselstrom</subfield></datafield><datafield ind1=" " ind2=" " tag="260"><subfield code="a">Leipzig, Deutscher Funk-verlag, 1950-1953, 328p</subfield></datafield><datafield ind1=" " ind2=" " tag="852"><subfield code="a">3696</subfield></datafield></record></collection>